[gd_scene load_steps=10 format=2]

[ext_resource path="res://Scripts/Pickup.gd" type="Script" id=1]
[ext_resource path="res://Scripts/Projectile.gd" type="Script" id=2]
[ext_resource path="res://Materials/light_shader.tres" type="Material" id=3]
[ext_resource path="res://Materials/dark_shader.tres" type="Material" id=5]

[sub_resource type="SphereShape" id=1]
radius = 1.00908

[sub_resource type="SphereMesh" id=2]

[sub_resource type="SphereMesh" id=3]

[sub_resource type="PrismMesh" id=4]

[sub_resource type="CubeMesh" id=5]

[node name="Projectile" type="KinematicBody"]
transform = Transform( 0.3, 0, 0, 0, 0.3, 0, 0, 0, 0.3, 0, 15.3709, -34.0152 )
script = ExtResource( 2 )

[node name="CollisionShape" type="CollisionShape" parent="."]
shape = SubResource( 1 )

[node name="MeshInstance" type="MeshInstance" parent="CollisionShape"]
transform = Transform( 1, 0, 0, 0, 1, 0, 0, 0, 1, 0.0454992, -3.05176e-05, 0.0724564 )
mesh = SubResource( 2 )
material/0 = ExtResource( 5 )

[node name="Pickup" type="Node" parent="."]
script = ExtResource( 1 )
DarkMaterial = ExtResource( 5 )
LightMaterial = ExtResource( 3 )
sphere_mesh = SubResource( 3 )
pyramid_mesh = SubResource( 4 )
cube_mesh = SubResource( 5 )
